@article{1988364,
title = "A measurement of the spin asymmetry and determination of the structure function g1 in deep inelastic muon-proton scattering",
author = {Ashman, J. and others},
collaboration = {{European Muon Collaboration}},
journal = "Phys. Lett. B",
volume = "206",
number = "2",
pages = "364 - 370",
year = "1988",
issn = "0370-2693",
doi = "https://doi.org/10.1016/0370-2693(88)91523-7",
url = "http://www.sciencedirect.com/science/article/pii/0370269388915237"
}

@article{ASHMAN19891,
title = "{An investigation of the spin structure of the proton in deep inelastic scattering of polarised muons on polarised protons}",
journal = {Nucl. Phys. B},
author = {Ashman, J. and others},
collaboration = {{European Muon Collaboration}},
volume = {328},
number = {1},
pages = {1-35},
year = {1989},
issn = {0550-3213},
doi = {https://doi.org/10.1016/0550-3213(89)90089-8},
url = {https://www.sciencedirect.com/science/article/pii/0550321389900898}
}

@article{PhysRevD.58.112001,
  title = "{Spin asymmetries ${A}_{1}$ and structure functions ${g}_{1}$ of the proton and the deuteron from polarized high energy muon scattering}",
  author = "Adeva, B. and others",
  collaboration = {{Spin Muon Collaboration}},
  journal = {Phys. Rev. D},
  volume = {58},
  issue = {11},
  pages = {112001},
  numpages = {17},
  year = {1998},
  month = {Oct},
  publisher = {American Phys. Society},
  doi = {10.1103/PhysRevD.58.112001},
  url = {https://link.aps.org/doi/10.1103/PhysRevD.58.112001}
}

@article{ALEXAKHIN20078,
title = "The deuteron spin-dependent structure function g1d and its first moment",
author = "Alexakhin, V. Yu. and others",
collaboration = "{COMPASS Collaboration}",
journal = "Phys. Lett. B",
volume = "647",
number = "1",
pages = "8 - 17",
year = "2007",
issn = "0370-2693",
doi = "https://doi.org/10.1016/j.physletb.2006.12.076",
url = "http://www.sciencedirect.com/science/article/pii/S037026930700113X"
}

@article{PhysRevD.75.012007,
  title = "{Precise determination of the spin structure function ${g}_{1}$ of the proton, deuteron, and neutron}",
  author = "Airapetian, A. and others",
  collaboration = {{HERMES Collaboration}},
  journal = {Phys. Rev. D},
  volume = {75},
  issue = {1},
  pages = {012007},
  numpages = {48},
  year = {2007},
  month = {Jan},
  publisher = {American Phys. Society},
  doi = {10.1103/PhysRevD.75.012007},
  url = {https://link.aps.org/doi/10.1103/PhysRevD.75.012007}
}

@article{Bunce:1992vca,
    author = "Bunce, G. and Carroll, A. and Courant, E. and Fernow, R. and Lee, Y. and Lowenstein, D. and Makdisi, Y. and Ratner, L. and Roser, T. and Tannenbaum, M.",
    title = "{Proposal on spin physics using the RHIC polarized collider}",
    journal = "BNL-104822-2014-IR",
    doi = "10.2172/1151313",
    month = "8",
    year = "1992"
}

@article{doi:10.1146/annurev.nucl.50.1.525,
author = {Bunce, Gerry and Saito, Naohito and Soffer, Jacques and Vogelsang, Werner},
title = "{Prospects for Spin Phys. at RHIC}",
journal = {Ann. Rev. Nucl. Part. Sci.},
volume = {50},
number = {1},
pages = {525-575},
year = {2000},
doi = {10.1146/annurev.nucl.50.1.525},
URL = {https://doi.org/10.1146/annurev.nucl.50.1.525}
}

@article{ADCOX2003469,
title = "{PHENIX detector overview}",
collaboration = {{PHENIX Collaboration}},
journal = {Nucl. Instrum. Methods Phys. Res., Sec. A},
volume = {499},
number = {2},
pages = {469-479},
year = {2003},
issn = {0168-9002},
doi = {https://doi.org/10.1016/S0168-9002(02)01950-2},
url = {https://www.sciencedirect.com/science/article/pii/S0168900202019502},
}

@article{ALLEN2003549,
title = "{PHENIX inner detectors}",
collaboration = {{PHENIX Collaboration}},
journal = {Nucl. Instrum. Methods Phys. Res., Sec. A},
volume = {499},
number = {2},
pages = {549-559},
year = {2003},
issn = {0168-9002},
doi = {https://doi.org/10.1016/S0168-9002(02)01956-3},
url = {https://www.sciencedirect.com/science/article/pii/S0168900202019563},
}

@article{ADLER2001488,
title = "{The RHIC zero degree calorimeters}",
journal = {Nucl. Instrum. Methods Phys. Res., Sec. A},
volume = {470},
number = {3},
pages = {488-499},
year = {2001},
issn = {0168-9002},
doi = {https://doi.org/10.1016/S0168-9002(01)00627-1},
url = {https://www.sciencedirect.com/science/article/pii/S0168900201006271},
author = {C Adler and A Denisov and E Garcia and M Murray and H Stroebele and S White}
}

@article{APHECETCHE2003521,
title = "{PHENIX calorimeter}",
author = "Aphecetche, L. and others",
collaboration = {{PHENIX Collaboration}},
journal = {Nucl. Instrum. Methods Phys. Res., Sec. A},
volume = {499},
number = {2},
pages = {521-536},
year = {2003},
issn = {0168-9002},
doi = {https://doi.org/10.1016/S0168-9002(02)01954-X},
url = {https://www.sciencedirect.com/science/article/pii/S016890020201954X},
}

@article{ADCOX2003489,
title = "{PHENIX central arm tracking detectors}",
author = "Adcox, K. and others",
collaboration = {{PHENIX Collaboration}},
journal = {Nucl. Instrum. Methods Phys. Res., Sec. A},
volume = {499},
number = {2},
pages = {489-507},
year = {2003},
issn = {0168-9002},
doi = {https://doi.org/10.1016/S0168-9002(02)01952-6},
url = {https://www.sciencedirect.com/science/article/pii/S0168900202019526},
}

@article{SONDHEIM2012993,
title = "{Mechanics and Assembly of the Silicon Vertex Detector for the PHENIX Experiment at RHIC}",
journal = {Phys. Procedia},
volume = {37},
pages = {993-1002},
year = {2012},
issn = {1875-3892},
doi = {https://doi.org/10.1016/j.phpro.2012.02.440},
url = {https://www.sciencedirect.com/science/article/pii/S1875389212017944},
author = {Walter Sondheim}
}

@article{POBLAGUEV2020164261,
title = "{Systematic error analysis in the absolute hydrogen gas jet polarimeter at RHIC}",
author = {A.A. Poblaguev and A. Zelenski and G. Atoian and Y. Makdisi and J. Ritter},
journal = {Nucl. Instrum. Methods Phys. Res., Sec. A},
volume = {976},
pages = {164261},
year = {2020},
issn = {0168-9002},
doi = {https://doi.org/10.1016/j.nima.2020.164261},
url = {https://www.sciencedirect.com/science/article/pii/S0168900220306574},
}

@article{Brun:1994aa,
    author = {Brun, Ren\'e and Bruyant, F. and Carminati, Federico and Giani, Simone and Maire, M. and McPherson, A. and Patrick, G. and Urban, L.},
    title = "{GEANT Detector Description and Simulation Tool}",
    journal = {CERN-W5013, CERN-W-5013, W5013, W-5013},
    doi = {10.17181/CERN.MUHF.DMJ1},
    month = {10},
    year = {1994}
}

@article{PhysRevLett.98.012002,
  title = "{Measurement of Direct Photon Production in $p$$+$$p$ Collisions at $\sqrt{s}=200$ GeV}",
  collaboration = {{PHENIX Collaboration}},
  author = "Adler, S. S. and others",
  journal = {Phys. Rev. Lett.},
  volume = {98},
  issue = {1},
  pages = {012002},
  numpages = {6},
  year = {2007},
  month = {Jan},
  publisher = {American Phys. Society},
  doi = {10.1103/PhysRevLett.98.012002},
  url = {https://link.aps.org/doi/10.1103/PhysRevLett.98.012002}
}

@article{PhysRevD.86.072008,
  title = "{Direct photon production in $p$$+$$p$ collisions at $\sqrt{s}=200$ GeV at midrapidity}",
  author = "Adare, A. and others",
  collaboration = {{PHENIX Collaboration}},
  journal = {Phys. Rev. D},
  volume = {86},
  issue = {7},
  pages = {072008},
  numpages = {15},
  year = {2012},
  month = {Oct},
  publisher = {American Phys. Society},
  doi = {10.1103/PhysRevD.86.072008},
  url = {https://link.aps.org/doi/10.1103/PhysRevD.86.072008}
}

@article{PhysRevLett.93.202002,
  title = "{Double Helicity Asymmetry in Inclusive Midrapidity ${\ensuremath{\pi}}^{0}$ Production for Polarized $p$$+$$p$ Collisions at $\sqrt{s}=200$ GeV}",
  author = "Adler, S. S. and others",
  collaboration = {{PHENIX Collaboration}},
  journal = {Phys. Rev. Lett.},
  volume = {93},
  issue = {20},
  pages = {202002},
  numpages = {6},
  year = {2004},
  month = {Nov},
  publisher = {American Phys. Society},
  doi = {10.1103/PhysRevLett.93.202002},
  url = {https://link.aps.org/doi/10.1103/PhysRevLett.93.202002}
}

@article{PhysRevD.73.091102,
  title = "{Improved measurement of double helicity asymmetry in inclulsive midrapidity ${\ensuremath{\pi}}^{0}$ production 
for polarized $p$$+$$p$ collisions at $\sqrt{s}=200$ GeV}",
  author = "Adler, S. S. and others",
  collaboration = {{PHENIX Collaboration}},
  journal = {Phys. Rev. D},
  volume = {73},
  issue = {9},
  pages = {091102},
  numpages = {5},
  year = {2006},
  month = {May},
  publisher = {American Phys. Society},
  doi = {10.1103/PhysRevD.73.091102},
  url = {https://link.aps.org/doi/10.1103/PhysRevD.73.091102}
}

@article{PhysRevD.76.051106,
  title = "{Inclusive cross section and double helicity asymmetry for ${\ensuremath{\pi}}^{0}$ production in $p$$+$$p$ collisions at $\sqrt{s}=200$ GeV: Implications for the polarized gluon distribution in the proton}",
  author = "Adare, A. and others",
  collaboration = {{PHENIX Collaboration}},
  journal = {Phys. Rev. D},
  volume = {76},
  issue = {5},
  pages = {051106},
  numpages = {7},
  year = {2007},
  month = {Sep},
  publisher = {American Phys. Society},
  doi = {10.1103/PhysRevD.76.051106},
  url = {https://link.aps.org/doi/10.1103/PhysRevD.76.051106}
}

@article{PhysRevD.79.012003,
  title = "{Inclusive cross section and double helicity asymmetry for ${\ensuremath{\pi}}^{0}$ production in $p$$+$$p$ collisions at $\sqrt{s}=62.4$ GeV}",
  author = "Adare, A. and others",
  collaboration = {{PHENIX Collaboration}},
  journal = {Phys. Rev. D},
  volume = {79},
  issue = {1},
  pages = {012003},
  numpages = {11},
  year = {2009},
  month = {Jan},
  publisher = {American Phys. Society},
  doi = {10.1103/PhysRevD.79.012003},
  url = {https://link.aps.org/doi/10.1103/PhysRevD.79.012003}
}

@article{PhysRevLett.103.012003,
  title = "{Gluon-Spin Contribution to the Proton Spin from the Double-Helicity Asymmetry in Inclusive ${\ensuremath{\pi}}^{0}$ Production in 
Polarized $p$$+$$p$ Collisions at $\sqrt{s}=200$ GeV}",
  author = "Adare, A. and others",
  collaboration = {{PHENIX Collaboration}},
  journal = {Phys. Rev. Lett.},
  volume = {103},
  issue = {1},
  pages = {012003},
  numpages = {6},
  year = {2009},
  month = {Jul},
  publisher = {American Phys. Society},
  doi = {10.1103/PhysRevLett.103.012003},
  url = {https://link.aps.org/doi/10.1103/PhysRevLett.103.012003}
}

@article{PhysRevD.83.032001,
  title = "{Cross section and double helicity asymmetry for $\ensuremath{\eta}$ mesons and their comparison to ${\ensuremath{\pi}}^{0}$ production in $p$$+$$p$ collisions at $\sqrt{s}=200$ GeV}",
  author = "Adare, A. and others",
  collaboration = {{PHENIX Collaboration}},
  journal = {Phys. Rev. D},
  volume = {83},
  issue = {3},
  pages = {032001},
  numpages = {11},
  year = {2011},
  month = {Feb},
  publisher = {American Phys. Society},
  doi = {10.1103/PhysRevD.83.032001},
  url = {https://link.aps.org/doi/10.1103/PhysRevD.83.032001}
}

@article{PhysRevD.86.092006,
  title = "{Cross sections and double-helicity asymmetries of midrapidity inclusive charged hadrons in $p$$+$$p$ collisions at $\sqrt{s}=62.4$ GeV}",
  author = "Adare, A. and others",
  collaboration = {{PHENIX Collaboration}},
  journal = {Phys. Rev. D},
  volume = {86},
  issue = {9},
  pages = {092006},
  numpages = {13},
  year = {2012},
  month = {Nov},
  publisher = {American Phys. Society},
  doi = {10.1103/PhysRevD.86.092006},
  url = {https://link.aps.org/doi/10.1103/PhysRevD.86.092006}
}

@article{PhysRevD.90.012007,
  title = "{Inclusive double-helicity asymmetries in neutral-pion and eta-meson production in $\stackrel{\ensuremath{\rightarrow}}{p}+\stackrel{\ensuremath{\rightarrow}}{p}$ collisions at $\sqrt{s}=200$ GeV}",
  author = "Adare, A. and others",
  collaboration = {{PHENIX Collaboration}},
  journal = {Phys. Rev. D},
  volume = {90},
  issue = {1},
  pages = {012007},
  numpages = {19},
  year = {2014},
  month = {Jul},
  publisher = {American Phys. Society},
  doi = {10.1103/PhysRevD.90.012007},
  url = {https://link.aps.org/doi/10.1103/PhysRevD.90.012007}
}

@article{PhysRevD.91.032001,
  title = "{Charged-pion cross sections and double-helicity asymmetries in polarized $p$$+$$p$ collisions at $\sqrt{s}=200$ GeV}",
  author = "Adare, A. and others",
  collaboration = {{PHENIX Collaboration}},
  journal = {Phys. Rev. D},
  volume = {91},
  issue = {3},
  pages = {032001},
  numpages = {13},
  year = {2015},
  month = {Feb},
  publisher = {American Phys. Society},
  doi = {10.1103/PhysRevD.91.032001},
  url = {https://link.aps.org/doi/10.1103/PhysRevD.91.032001}
}

@article{PhysRevD.93.011501,
  title = "{Inclusive cross section and double-helicity asymmetry for ${\ensuremath{\pi}}^{0}$ production at midrapidity in $p$$+$$p$ collisions at $\sqrt{s}=510$ GeV}",
  author = "Adare, A. and others",
  collaboration = {{PHENIX Collaboration}},
  journal = {Phys. Rev. D},
  volume = {93},
  issue = {1},
  pages = {011501},
  numpages = {8},
  year = {2016},
  month = {Jan},
  publisher = {American Phys. Society},
  doi = {10.1103/PhysRevD.93.011501},
  url = {https://link.aps.org/doi/10.1103/PhysRevD.93.011501}
}

@article{PhysRevD.102.032001,
  title = "{Measurement of charged pion double spin asymmetries at midrapidity in longitudinally polarized $p$$+$$p$ collisions at $\sqrt{s}=510$ GeV}",
  author = "Acharya, U. A. and others",
  collaboration = {{PHENIX Collaboration}},
  journal = {Phys. Rev. D},
  volume = {102},
  issue = {3},
  pages = {032001},
  numpages = {9},
  year = {2020},
  month = {Aug},
  publisher = {American Phys. Society},
  doi = {10.1103/PhysRevD.102.032001},
  url = {https://link.aps.org/doi/10.1103/PhysRevD.102.032001}
}

@article{PhysRevLett.97.252001,
  title = "{Longitudinal Double-Spin Asymmetry and Cross Section for Inclusive Jet Production in Polarized Proton Collisions at $\sqrt{s}=200$ GeV}",
  author = "Abelev, B. I. and others",
  collaboration = {{STAR Collaboration}},
  journal = {Phys. Rev. Lett.},
  volume = {97},
  issue = {25},
  pages = {252001},
  numpages = {6},
  year = {2006},
  month = {Dec},
  publisher = {American Phys. Society},
  doi = {10.1103/PhysRevLett.97.252001},
  url = {https://link.aps.org/doi/10.1103/PhysRevLett.97.252001}
}

@article{PhysRevD.84.012006,
  title = "{Event structure and double helicity asymmetry in jet production from polarized $p$$+$$p$ collisions at $\sqrt{s}=200$ GeV}",
  author = "Adare, A. and others",
  collaboration = {{PHENIX Collaboration}},
  journal = {Phys. Rev. D},
  volume = {84},
  issue = {1},
  pages = {012006},
  numpages = {18},
  year = {2011},
  month = {Jul},
  publisher = {American Phys. Society},
  doi = {10.1103/PhysRevD.84.012006},
  url = {https://link.aps.org/doi/10.1103/PhysRevD.84.012006}
}

@article{PhysRevD.86.032006,
  title = "{Longitudinal and transverse spin asymmetries for inclusive jet production at midrapidity in polarized $p$$+$$p$ collisions at $\sqrt{s}\mathbf{=}200$ GeV}",
  author = "Abelev, B. I. and others",
  collaboration = {{STAR Collaboration}},
  journal = {Phys. Rev. D},
  volume = {86},
  issue = {3},
  pages = {032006},
  numpages = {18},
  year = {2012},
  month = {Aug},
  publisher = {American Phys. Society},
  doi = {10.1103/PhysRevD.86.032006},
  url = {https://link.aps.org/doi/10.1103/PhysRevD.86.032006}
}

@article{PhysRevLett.115.092002,
  title = "{Precision Measurement of the Longitudinal Double-Spin Asymmetry for Inclusive Jet Production in Polarized Proton Collisions at $\sqrt{s}=200$ GeV}",
  author = "Adamczyk, L. and others",
  collaboration = {{STAR Collaboration}},
  journal = {Phys. Rev. Lett.},
  volume = {115},
  issue = {9},
  pages = {092002},
  numpages = {7},
  year = {2015},
  month = {Aug},
  publisher = {American Phys. Society},
  doi = {10.1103/PhysRevLett.115.092002},
  url = {https://link.aps.org/doi/10.1103/PhysRevLett.115.092002}
}

@article{PhysRevD.95.071103,
  title = "{Measurement of the cross section and longitudinal double-spin asymmetry for dijet production in polarized $p$$+$$p$ collisions at $\sqrt{s}=200$ GeV}",
  author = "Adamczyk, L. and others",
  collaboration = {{STAR Collaboration}},
  journal = {Phys. Rev. D},
  volume = {95},
  issue = {7},
  pages = {071103},
  numpages = {8},
  year = {2017},
  month = {Apr},
  publisher = {American Phys. Society},
  doi = {10.1103/PhysRevD.95.071103},
  url = {https://link.aps.org/doi/10.1103/PhysRevD.95.071103}
}

@article{PhysRevD.100.052005,
  title = "{Longitudinal double-spin asymmetry for inclusive jet and dijet production in $p$$+$$p$ collisions at $\sqrt{s}=510$ GeV}",
  author = "Adam, J. and others",
  collaboration = {{STAR Collaboration}},
  journal = {Phys. Rev. D},
  volume = {100},
  issue = {5},
  pages = {052005},
  numpages = {27},
  year = {2019},
  month = {Sep},
  publisher = {American Phys. Society},
  doi = {10.1103/PhysRevD.100.052005},
  url = {https://link.aps.org/doi/10.1103/PhysRevD.100.052005}
}

@article{PhysRevD.83.052004,
  title = "{Measurement of neutral mesons in $p+p$ collisions at $\sqrt{s}=200$ GeV and scaling properties of hadron production}",
  author = "Adare, A. and others",
  collaboration = {{PHENIX Collaboration}},
  journal = {Phys. Rev. D},
  volume = {83},
  issue = {5},
  pages = {052004},
  numpages = {26},
  year = {2011},
  month = {Mar},
  publisher = {American Phys. Society},
  doi = {10.1103/PhysRevD.83.052004},
  url = {https://link.aps.org/doi/10.1103/PhysRevD.83.052004}
}

@misc{Sjostrand:2006za,
    author = "Sjostrand, Torbjorn and Mrenna, Stephen and Skands, Peter Z.",
    title = "{PYTHIA 6.4 Phys. and Manual}",
    doi = "10.1088/1126-6708/2006/05/026",
    note = "{J. High Energy Phys. {\bf 05 (2006)} 026}",
}
%    journal = "J. High Energy Phys.",
%    volume = "05",
%    pages = "026",
%    year = "2006"
%    eprint = "hep-ph/0603175",
%    archivePrefix = "arXiv",
%    reportNumber = "FERMILAB-PUB-06-052-CD-T, LU-TP-06-13",

@misc{Nason_2004,
    author = "Nason, Paolo",
    title = "{A New method for combining NLO QCD with shower Monte Carlo algorithms}",
    doi = "10.1088/1126-6708/2004/11/040",
    note = "{J. High Energy Phys. {\bf 11 (2004)} 040}",
}
%    journal = "JHEP",
%    volume = "11",
%    pages = "040",
%    year = "2004"
%    eprint = "hep-ph/0409146",
%    archivePrefix = "arXiv",
%    reportNumber = "BICOCCA-FT-04-11",

@misc{Frixione_2007,
	author = {Stefano Frixione and Paolo Nason and Carlo Oleari},
	title = "{Matching NLO QCD computations with parton-shower simulations: the POWHEG method}",
	doi = {10.1088/1126-6708/2007/11/070},
        note = "{J. High Energy Phys. {\bf 11 (2007)} 070}",
}    
%	url = {https://doi.org/10.1088%2F1126-6708%2F2007%2F11%2F070},%
%	year = 2007,
%	month = {nov},
%	publisher = {Springer Science and Business Media {LLC}},
%	volume = {2007},
%	number = {11},
%	pages = {070--070},
%	journal = {J. High Energy Phys.}

@misc{Alioli2010,
author={Alioli, Simone and Nason, Paolo and Oleari, Carlo and Re, Emanuele},
title= "{A general framework for implementing NLO calculations in shower Monte Carlo programs: the POWHEG BOX}",
doi={10.1007/J. High Energy Phys.06(2010)043},
    note = "{J. High Energy Phys. {\bf 06 (2010)} 043}",
}
%journal={J. High Energy Phys.},
%year={2010},
%month={Jun},
%day={09},
%volume={2010},
%number={6},
%pages={43},
%issn={1029-8479},
%url={https://doi.org/10.1007/J. High Energy Phys.06(2010)043}

@misc{Jezo2016,
author={Je{\v{z}}o, Tom{\'a}{\v{s}} and Klasen, Michael and K{\"o}nig, Florian},
title= "{Prompt photon production and photon-hadron jet correlations with POWHEG}",
doi={10.1007/J. High Energy Phys.11(2016)033},
    note = "{J. High Energy Phys. {\bf 11 (2016)} 033}",
}
%journal={J. High Energy Phys.},
%year={2016},
%month={Nov},
%day={07},
%volume={2016},
%number={11},
%pages={33},
%issn={1029-8479},
%url={https://doi.org/10.1007/J. High Energy Phys.11(2016)033}


@misc{Klasen2018,
author={Klasen, Michael and Klein-B{\"o}sing, Christian and Poppenborg, Hendrik},
title= "{Prompt photon production and photon-jet correlations at the LHC}",
doi={10.1007/J. High Energy Phys.03(2018)081},
    note = "{J. High Energy Phys. {\bf 03 (2018)} 081}",
}
%journal={J. High Energy Phys.},
%year={2018},
%month={Mar},
%day={13},
%volume={2018},
%number={3},
%pages={81},
%issn={1029-8479},
%url={https://doi.org/10.1007/J. High Energy Phys.03(2018)081}
}

@article{PhysRevD.93.033006,
  title = "{New parton distribution functions from a global analysis of quantum chromodynamics}",
  author = {Dulat, Sayipjamal and Hou, Tie-Jiun and Gao, Jun and Guzzi, Marco and Huston, Joey and Nadolsky, Pavel and Pumplin, Jon and Schmidt, Carl and Stump, Daniel and Yuan, C.-P.},
  journal = {Phys. Rev. D},
  volume = {93},
  issue = {3},
  pages = {033006},
  numpages = {39},
  year = {2016},
  month = {Feb},
  publisher = {American Phys. Society},
  doi = {10.1103/PhysRevD.93.033006},
  url = {https://link.aps.org/doi/10.1103/PhysRevD.93.033006}
}

@article{PhysRevD.48.3136,
  title = "{Polarized and unpolarized prompt photon production beyond the leading order}",
  author = {Gordon, L. E. and Vogelsang, W.},
  journal = {Phys. Rev. D},
  volume = {48},
  issue = {7},
  pages = {3136--3159},
  numpages = {0},
  year = {1993},
  month = {Oct},
  publisher = {American Phys. Society},
  doi = {10.1103/PhysRevD.48.3136},
  url = {https://link.aps.org/doi/10.1103/PhysRevD.48.3136}
}

@article{PhysRevD.50.1901,
  title = "{Polarized and unpolarized isolated prompt photon production beyond the leading order}",
  author = {Gordon, L. E. and Vogelsang, W.},
  journal = {Phys. Rev. D},
  volume = {50},
  issue = {3},
  pages = {1901--1916},
  numpages = {0},
  year = {1994},
  month = {Aug},
  publisher = {American Phys. Society},
  doi = {10.1103/PhysRevD.50.1901},
  url = {https://link.aps.org/doi/10.1103/PhysRevD.50.1901}
}

@misc{Ball2015,
author={Ball, Richard D. and Bertone, Valerio and Carrazza, Stefano
and Deans, Christopher S. and Del Debbio, Luigi and Forte, Stefano
and Guffanti, Alberto and Hartland, Nathan P. and Latorre, Jos{\'e} I.
and Rojo, Juan and Ubiali, Maria},
title= "{Parton distributions for the LHC run II}",
doi={10.1007/J. High Energy Phys.04(2015)040},
    note = "{J. High Energy Phys. {\bf 04 (2015)} 040}",
}
%journal={J. High Energy Phys.},
%year={2015},
%month={Apr},
%day={08},
%volume={2015},
%number={4},
%pages={40},
%issn={1029-8479},
%url={https://doi.org/10.1007/J. High Energy Phys.04(2015)040}


@misc{Bonvini2015,
author={Bonvini, Marco and Marzani, Simone and Rojo, Juan
and Rottoli, Luca and Ubiali, Maria and Ball, Richard D.
and Bertone, Valerio and Carrazza, Stefano and Hartland, Nathan P.},
title= "{Parton distributions with threshold resummation}",
doi={10.1007/J. High Energy Phys.09(2015)191},
    note = "{J. High Energy Phys. {\bf 09 (2015)} 191}",
}
%journal={J. High Energy Phys.},
%year={2015},
%month={Sep},
%day={28},
%volume={2015},
%number={9},
%pages={191},
%issn={1029-8479},
%url={https://doi.org/10.1007/J. High Energy Phys.09(2015)191}


@article{PhysRevD.45.3986,
  title = "{Parton structure of the photon beyond the leading order}",
  author = {Gl\"uck, M. and Reya, E. and Vogt, A.},
  journal = {Phys. Rev. D},
  volume = {45},
  issue = {11},
  pages = {3986--3994},
  numpages = {0},
  year = {1992},
  month = {Jun},
  publisher = {American Phys. Society},
  doi = {10.1103/PhysRevD.45.3986},
  url = {https://link.aps.org/doi/10.1103/PhysRevD.45.3986}
}

@article{PhysRevLett.101.072001,
  title = "{Global Analysis of Helicity Parton Densities and their Uncertainties}",
  author = {de Florian, Daniel and Sassot, Rodolfo and Stratmann, Marco and Vogelsang, Werner},
  journal = {Phys. Rev. Lett.},
  volume = {101},
  issue = {7},
  pages = {072001},
  numpages = {4},
  year = {2008},
  month = {Aug},
  publisher = {American Phys. Society},
  doi = {10.1103/PhysRevLett.101.072001},
  url = {https://link.aps.org/doi/10.1103/PhysRevLett.101.072001}
}

@article{PhysRevLett.113.012001,
  title = "{Evidence for Polarization of Gluons in the Proton}",
  author = {de Florian, Daniel and Sassot, Rodolfo and Stratmann, Marco and Vogelsang, Werner},
  journal = {Phys. Rev. Lett.},
  volume = {113},
  issue = {1},
  pages = {012001},
  numpages = {5},
  year = {2014},
  month = {Jul},
  publisher = {American Phys. Society},
  doi = {10.1103/PhysRevLett.113.012001},
  url = {https://link.aps.org/doi/10.1103/PhysRevLett.113.012001}
}

@article{2014276,
title = "{A first unbiased global determination of polarized PDFs and their uncertainties}",
journal = {Nucl. Phys. B},
volume = {887},
pages = {276-308},
year = {2014},
issn = {0550-3213},
doi = {https://doi.org/10.1016/j.nuclphysb.2014.08.008},
url = {https://www.sciencedirect.com/science/article/pii/S0550321314002636},
author = {Emanuele R. Nocera and Richard D. Ball and Stefano Forte and Giovanni Ridolfi and Juan Rojo}
}

@article{PhysRevD.100.114027,
  title = "{Monte Carlo sampling variant of the DSSV14 set of helicity parton densities}",
  author = {de Florian, Daniel and Lucero, Gonzalo Agust\'{\i}n and Sassot, Rodolfo and Stratmann, Marco and Vogelsang, Werner},
  journal = {Phys. Rev. D},
  volume = {100},
  issue = {11},
  pages = {114027},
  numpages = {13},
  year = {2019},
  month = {Dec},
  publisher = {American Phys. Society},
  doi = {10.1103/PhysRevD.100.114027},
  url = {https://link.aps.org/doi/10.1103/PhysRevD.100.114027}
}

@article{PhysRevD.105.074022,
  title = "{How well do we know the gluon polarization in the proton?}",
  author = {Zhou, Y. and Sato, N. and Melnitchouk, W.},
  collaboration = {JAM Collaboration},
  journal = {Phys. Rev. D},
  volume = {105},
  issue = {7},
  pages = {074022},
  numpages = {19},
  year = {2022},
  month = {Apr},
  publisher = {American Physical Society},
  doi = {10.1103/PhysRevD.105.074022},
  url = {https://link.aps.org/doi/10.1103/PhysRevD.105.074022}
}

@article{PhysRevD.106.L031502,
  title = {Polarized antimatter in the proton from a global QCD analysis},
  author = {Cocuzza, C. and Melnitchouk, W. and Metz, A. and Sato, N.},
  collaboration = {Jefferson Lab Angular Momentum (JAM) Collaboration},
  journal = {Phys. Rev. D},
  volume = {106},
  issue = {3},
  pages = {L031502},
  numpages = {6},
  year = {2022},
  month = {Aug},
  publisher = {American Physical Society},
  doi = {10.1103/PhysRevD.106.L031502},
  url = {https://link.aps.org/doi/10.1103/PhysRevD.106.L031502}
}